
@online{AssonoGmbHLinkedIn,
  title = {assono GmbH | LinkedIn},
  url = {https://de.linkedin.com/company/assono-gmbh},
  urldate = {2022-06-20},
  abstract = {assono GmbH | Digitalisierung – Software – Künstliche Intelligenz – Chatbots: Wir entwickeln Ihr Potenzial  | Als erfolgreiches, norddeutsches IT-Beratungsunternehmen entwickelt assono intelligente Software-Lösungen für Unternehmen vom Mittelstand bis hin zum internationalen Konzern in verschiedenen Branchen. Die Entwickler bei assono verfügen über langjährige Projekterfahrung und wissen, wie moderne Technologien und Anwendungen mit künstlicher Intelligenz sich für Unternehmen gewinnbringend einsetzen lassen. Seit bereits mehr als 15 Jahren setzen sich die Experten von assono für die Digitalisierung von Arbeitsprozessen für Kunden in diversen Branchen ein.},
  langid = {german},
  file = {C\:\\Users\\Office\\Zotero\\storage\\VHGQ6TE7\\assono-gmbh.html}
}

@article{biorn-hansenEmpiricalInvestigationPerformance2020,
  title = {An Empirical Investigation of Performance Overhead in Cross-Platform Mobile Development Frameworks},
  author = {Biørn-Hansen, Andreas and Rieger, Christoph and Grønli, Tor-Morten and Majchrzak, Tim A. and Ghinea, Gheorghita},
  date = {2020-07-01},
  journaltitle = {Empirical Software Engineering},
  shortjournal = {Empir Software Eng},
  volume = {25},
  number = {4},
  pages = {2997--3040},
  issn = {1573-7616},
  doi = {10.1007/s10664-020-09827-6},
  url = {https://doi.org/10.1007/s10664-020-09827-6},
  urldate = {2022-05-04},
  abstract = {The heterogeneity of the leading mobile platforms in terms of user interfaces, user experience, programming language, and ecosystem have made cross-platform development frameworks popular. These aid the creation of mobile applications – apps – that can be executed across the target platforms (typically Android and iOS) with minimal to no platform-specific code. Due to the cost- and time-saving possibilities introduced through adopting such a framework, researchers and practitioners alike have taken an interest in the underlying technologies. Examining the body of knowledge, we, nonetheless, frequently encounter discussions on the drawbacks of these frameworks, especially with regard to the performance of the apps they generate. Motivated by the ongoing discourse and a lack of empirical evidence, we scrutinised the essential piece of the cross-platform frameworks: the bridge enabling cross-platform code to communicate with the underlying operating system and device hardware APIs. The study we present in the article benchmarks and measures the performance of this bridge to reveal its associated overhead in Android apps. The development of the artifacts for this experiment was conducted using five cross-platform development frameworks to generate Android apps, in addition to a baseline native Android app implementation. Our results indicate that – for Android apps – the use of cross-platform frameworks for the development of mobile apps may lead to decreased performance compared to the native development approach. Nevertheless, certain cross-platform frameworks can perform equally well or even better than native on certain metrics which highlights the importance of well-defined technical requirements and specifications for deliberate selection of a cross-platform framework or overall development approach.},
  langid = {english},
  keywords = {Cross-platform development,Development approaches,Mobile app,Performance benchmark},
  file = {C\:\\Users\\Office\\Zotero\\storage\\L5VB66EC\\Biørn-Hansen et al. - 2020 - An empirical investigation of performance overhead.pdf}
}

@article{biorn-hansenEmpiricalStudyCrossPlatform2019,
  title = {An {{Empirical Study}} of {{Cross-Platform Mobile Development}} in {{Industry}}},
  author = {Biørn-Hansen, Andreas and Grønli, Tor-Morten and Ghinea, Gheorghita and Alouneh, Sahel},
  date = {2019-01-03},
  journaltitle = {Wireless Communications and Mobile Computing},
  volume = {2019},
  pages = {e5743892},
  publisher = {{Hindawi}},
  issn = {1530-8669},
  doi = {10.1155/2019/5743892},
  url = {https://www.hindawi.com/journals/wcmc/2019/5743892/},
  urldate = {2022-05-04},
  abstract = {The purpose of this study is to report on the industry’s perspectives and opinions on cross-platform mobile development, with an emphasis on the popularity, adoption, and arising issues related to the use of technical development frameworks and tools. We designed and conducted an online survey questionnaire, for which 101 participants were recruited from various developer-oriented online forums and websites. A total of five questions are reported in this study, of which two employed a Likert scale instrument, while three were based on multiple choice. In terms of technical frameworks, we find that PhoneGap, the Ionic Framework, and React Native were the most popular in use, both in hobby projects and in professional settings. The participants report an awareness of trade-offs when embracing cross-platform technologies and consider penalties in performance and user experience to be expected. This is also in line with what is reported in academic research. We find patterns in the reported perceived issues which match both older and newer research, thus rendering the findings a point of departure for further endevours.},
  langid = {english},
  file = {C\:\\Users\\Office\\Zotero\\storage\\PZE35BDB\\Biørn-Hansen et al. - 2019 - An Empirical Study of Cross-Platform Mobile Develo.pdf;C\:\\Users\\Office\\Zotero\\storage\\YNWCYXH4\\5743892.html}
}

@legislation{BITVVerordnungZur,
  title = {{{BITV}} 2.0 - {{Verordnung}} Zur {{Schaffung}} Barrierefreier {{Informationstechnik}} Nach Dem {{Behindertengleichstellungsgesetz}}},
  url = {http://www.gesetze-im-internet.de/bitv_2_0/BJNR184300011.html},
  urldate = {2022-05-04},
  file = {C\:\\Users\\Office\\Zotero\\storage\\E52TD8PV\\BJNR184300011.html}
}

@article{deandradeCrossPlatformApp2015,
  title = {Cross Platform App: A Comparative Study},
  shorttitle = {Cross Platform App},
  author = {de Andrade, Paulo R. M. and Albuquerque, Adriano B. and Frota, Otávio F. and Silveira, Robson V. and da Silva, Fátima A.},
  options = {useprefix=true},
  date = {2015-02-28},
  journaltitle = {International Journal of Computer Science and Information Technology},
  shortjournal = {IJCSIT},
  volume = {7},
  number = {1},
  eprint = {1503.03511},
  eprinttype = {arxiv},
  pages = {33--40},
  issn = {09754660, 09753826},
  doi = {10.5121/ijcsit.2015.7104},
  url = {http://arxiv.org/abs/1503.03511},
  urldate = {2022-05-04},
  abstract = {The use of mobile applications is now so common that users now expect companies whose services which they consume already have an application to provide these services or a mobile version of your site, but this is not always simple to do or cheap. Thus, the hybrid development has emerged as a potential alternative to this need. The evolution of this new paradigm has taken the attention of researchers and companies as viable alternative to the mobile development. This paper shows how hybrid development can be an alternative for companies provide their services with a low investment and still offer a great service to their clients.},
  archiveprefix = {arXiv},
  keywords = {Computer Science - Computers and Society,Computer Science - Social and Information Networks,Computer Science - Software Engineering},
  note = {Comment: 8 pages, 3 figures, 2 tables in International Journal of Computer Science \& Information Technology (IJCSIT) Vol 7, No 1, February 2015},
  file = {C\:\\Users\\Office\\Zotero\\storage\\V44IXNAQ\\de Andrade et al. - 2015 - Cross platform app a comparative study.pdf;C\:\\Users\\Office\\Zotero\\storage\\TTJMCXAD\\1503.html}
}

@online{DienstleistungenInformationstechnologieDeutschland,
  title = {Dienstleistungen der Informationstechnologie - Deutschland | Statista Marktprognose},
  url = {https://de.statista.com/outlook/io/information-kommunikation/dienstleistungen-der-informationstechnologie/deutschland},
  urldate = {2022-06-22},
  abstract = {Deutschland: Der Umsatz mit Dienstleistungen der Informationstechnologie wird im Jahr 2022 etwa 127,80Mrd. € betragen. Computerprogrammierung, IT-Beratung und damit verbundene Aktivitäten umfassen die folgenden Aktivitäten zur Bereitstellung von IT-Fachwissen: Schreiben, Modifizieren, Testen und Unterstützen von Software; Planung und Entwurf von Computersystemen, die Hardware, Software und Kommunikationstechnologien integrieren; Verwaltung und Betrieb von Computersystemen von Kunden und/oder Datenverarbeitungsanlagen vor Ort; andere professionelle und technische Aktivitäten im Zusammenhang mit Computern..},
  langid = {german},
  organization = {{Statista}},
  file = {C\:\\Users\\Office\\Zotero\\storage\\QXFWEE9B\\deutschland.html}
}

@legislation{DINISO9241112018,
  title = {DIN EN ISO 9241-11 Ergonomie der Mensch-System-Interaktion - Teil 11: Gebrauchstauglichkeit: Begriffe und Konzepte (ISO 9241-11:2018)},
  date = {2018-11},
  pages = {46},
  url = {https://perinorm.com/document.aspx?hitnr=0&q=AC:DE30074576},
  abstract = {ieses Dokument liefert einen Rahmen für das Verständnis des Konzepts der Gebrauchstauglichkeit und für dessen Anwendung auf interaktive und andere Systeme (einschließlich bebauter Umgebungen), Produkte (einschließlich Industrie- und Konsumgüter) und Dienstleistungen (einschließlich technischer und persönlicher Dienstleistungen). Dieses Dokument: - erklärt, dass Gebrauchstauglichkeit ein Ergebnis der Nutzung ist; - definiert Schlüsselbegriffe und Konzepte; - identifiziert die Grundsätze der Gebrauchstauglichkeit; und - erläutert die Anwendung des Konzepts der Gebrauchstauglichkeit. Dieses Dokument findet vor allem in den Bereichen Gestaltung und Evaluierung seine Anwendung. Das zuständige deutsche Normungsgremium ist der NA 023-00-04-05 GAK "Gemeinschaftsarbeitskreis NAErg/NIA: Benutzungsschnittstellen" im DIN-Normenausschuss Ergonomie (NAErg).},
  langid = {german},
  file = {C\:\\Users\\Office\\Zotero\\storage\\J8KH69DR\\2018 - DIN EN ISO 9241-11 Ergonomie der Mensch-System-Int.PDF}
}

@online{FlutterDocumentationFlutter,
  title = {Flutter Documentation | {{Flutter}}},
  url = {https://docs.flutter.dev/},
  urldate = {2022-05-04}
}

@book{griffithMobileAppDevelopment2017,
  title = {Mobile {{App Development}} with {{Ionic}}, {{Revised Edition}}: {{Cross-Platform Apps}} with {{Ionic}}, {{Angular}}, and {{Cordova}}},
  shorttitle = {Mobile {{App Development}} with {{Ionic}}, {{Revised Edition}}},
  author = {Griffith, Chris},
  date = {2017-08-18},
  eprint = {x9MxDwAAQBAJ},
  eprinttype = {googlebooks},
  publisher = {{"O'Reilly Media, Inc."}},
  abstract = {Learn how to build app store-ready hybrid apps with Ionic, the framework built on top of Apache Cordova (formerly PhoneGap) and Angular. This revised guide shows you how to use Ionic’s tools and services to develop apps with HTML, CSS, and TypeScript, rather than rely on platform-specific solutions found in Android, iOS, and Windows Universal.Author Chris Griffith takes you step-by-step through Ionic’s powerful collection of UI components, and then helps you use it to build three cross-platform mobile apps. Whether you’re new to this framework or have been working with Ionic 1, this book is ideal for beginning, intermediate, and advanced web developers.Understand what a hybrid mobile app is, and what comprises a basic Ionic applicationLearn how Ionic leverages Apache Cordova, Angular, and TypeScript to create native mobile applicationsCreate a Firebase-enabled to-do application that stores data across multiple clientsBuild a tab-based National Park explorer app with Google Map integrationDevelop a weather app with the Darksky weather API and Google’s GeoCode APIDebug and test your app to resolve issues that arise during developmentWalk through steps for deploying your app to native app storesLearn how Ionic can be used to create Progressive Web Apps},
  isbn = {978-1-4919-9809-0},
  langid = {english},
  pagetotal = {292},
  keywords = {Computers / Languages / HTML,Computers / Languages / JavaScript,Computers / Programming / Mobile Devices}
}

@thesis{hanssonEffectsPerformanceUsability2016,
  title = {Effects on Performance and Usability for Cross-Platform Application Development Using {{React Native}}},
  author = {Hansson, Niclas and Vidhall, Tomas},
  date = {2016},
  url = {http://urn.kb.se/resolve?urn=urn:nbn:se:liu:diva-130022},
  urldate = {2022-05-04},
  abstract = {DiVA portal is a finding tool for research publications and student theses written at the following 50 universities and research institutions.},
  langid = {english},
  file = {C\:\\Users\\Office\\Zotero\\storage\\KDKWWIJM\\Hansson und Vidhall - 2016 - Effects on performance and usability for cross-pla.pdf;C\:\\Users\\Office\\Zotero\\storage\\EUL45BUJ\\record.html}
}

@online{IntroductionReactNative,
  title = {Introduction · {{React Native}}},
  url = {https://reactnative.dev/docs/getting-started},
  urldate = {2022-05-04},
  abstract = {This helpful guide lays out the prerequisites for learning React Native, using these docs, and setting up your environment.},
  langid = {english},
  file = {C\:\\Users\\Office\\Zotero\\storage\\TQSY8AYI\\getting-started.html}
}

@online{IonicDocsIonic,
  title = {Ionic {{Docs}} - {{Ionic Documentation}}},
  url = {https://ionic.io/docs},
  urldate = {2022-05-04},
  file = {C\:\\Users\\Office\\Zotero\\storage\\RSDQJ9B7\\docs.html}
}

@article{jiangComparisonNativeCrossPlatform2016,
  title = {Comparison of {{Native}}, {{Cross-Platform}} and {{Hyper Mobile Development Tools Approaches}} for {{iOS}} and {{Android Mobile Applications}}},
  author = {Jiang, Shan},
  date = {2016-06-27},
  url = {https://gupea.ub.gu.se/handle/2077/44664},
  urldate = {2022-05-04},
  abstract = {To take a position in the competitive mobile application
 market, most of the Information Technology (IT)
 companies have to develop the same application for various
 mobile operating systems. To solve this issue, Cybercom
 provided a thesis topic and a project which decreased development
 time by sharing the same core functions between
 Android and iOS applications. To share more code between
 platforms and take advantage of cross-platform tools and
 hybrid tools, the author has conducted a case study which
 includes experimenting on Xcode, Android Studio, Xamarin
 and Cordova to produce certain type of mobile applications
 and collect data during implementation processes and
 from generated applications. This paper not only compares
 the performance of individual process and application but
 analyses the data from various mobile development tools.
 As a result, it provides reference of choosing the optimal
 mobile application development tool for future researchers
 and developers.},
  langid = {english},
  annotation = {Accepted: 2016-06-27T11:53:56Z},
  file = {C\:\\Users\\Office\\Zotero\\storage\\BUWFKSK6\\Jiang - 2016 - Comparison of Native, Cross-Platform and Hyper Mob.pdf;C\:\\Users\\Office\\Zotero\\storage\\L35XL7KY\\44664.html}
}

@inproceedings{latifReviewMobileCross2017,
  title = {Review of Mobile Cross Platform and Research Orientations},
  booktitle = {2017 {{International Conference}} on {{Wireless Technologies}}, {{Embedded}} and {{Intelligent Systems}} ({{WITS}})},
  author = {Latif, Mounaim and Lakhrissi, Younes and Nfaoui, El Habib and Es-Sbai, Najia},
  date = {2017-04},
  pages = {1--4},
  doi = {10.1109/WITS.2017.7934674},
  abstract = {Nowadays, mobile development for each different platform has become a critical challenge, due to the fact that it is still time and budget consuming. The cross-platform approaches are emerging as an alternative solution that many companies are starting to embrace, since it allows the development of mobile applications once for all platforms. The aim of our work is to give an exhaustive survey of cross platform approaches and tools, since to the best of our knowledge there is no paper similar to our work. In this paper, we will enhance our previous work of cross-platform approaches by giving an overview of recent tools and platforms for each approach and discussing the advantages and limits of each one.},
  eventtitle = {2017 {{International Conference}} on {{Wireless Technologies}}, {{Embedded}} and {{Intelligent Systems}} ({{WITS}})},
  keywords = {Application programming interfaces,Cascading style sheets,Computational modeling,Context modeling,Cross-platforms,Mobile applications,Mobile communication,Model Driven Engineering,platforms mobile application development,User interfaces},
  file = {C\:\\Users\\Office\\Zotero\\storage\\QF6NFK2Z\\Latif et al. - 2017 - Review of mobile cross platform and research orien.pdf;C\:\\Users\\Office\\Zotero\\storage\\KU4VAYE9\\7934674.html}
}

@book{sandbergWissenschaftlichesArbeitenAbbildung2016,
  title = {Wissenschaftliches Arbeiten von Abbildung bis Zitat: Lehr- und Übungsbuch für Bachelor, Master und Promotion},
  shorttitle = {Wissenschaftliches Arbeiten von Abbildung bis Zitat},
  author = {Sandberg, Berit},
  date = {2016-12-05},
  journaltitle = {Wissenschaftliches Arbeiten von Abbildung bis Zitat},
  edition = {3},
  publisher = {{De Gruyter Oldenbourg}},
  doi = {10.1515/9783110514810},
  url = {https://www.degruyter.com/document/doi/10.1515/9783110514810/html?lang=en},
  urldate = {2022-05-03},
  abstract = {Wie entwickle ich ein Forschungsdesign für eine empirische Studie? Wie gliedere ich eine Seminararbeit? Was schreibe ich in der Einleitung? Wie viele Quellen soll ich verarbeiten? Wo verläuft die Grenze zwischen einem sinngemäßen Zitat und einem Plagiat? Wie zitiere ich Texte aus dem Internet? Wer eine wissenschaftliche Arbeit verfassen möchte, muss wissen, wie man Erkenntnisse nach den „Spielregeln der Wissenschaft" vermittelt. Nicht nur Forschende, auch Studierende müssen sich an die wissenschaftlichen Standards halten. Das vorliegende Lehrbuch führt in die Grundlagen der Wissenschaftstheorie ein und vermittelt die wesentlichen Techniken des wissenschaftlichen Arbeitens. Der Schwerpunkt des Buches liegt auf Textgestaltung und Quellenarbeit. Die dritte Auflage wurde um Empfehlungen zur Zitiertechnik bei digitalen Daten und Publikationen erweitert.},
  isbn = {978-3-11-051481-0},
  langid = {german},
  keywords = {test},
  file = {C\:\\Users\\Office\\Zotero\\storage\\2G9YEBRY\\10.1515_9783110514810.pdf;C\:\\Users\\Office\\Zotero\\storage\\IKZFZIGF\\Sandberg - 2016 - Wissenschaftliches Arbeiten von Abbildung bis Zita.pdf}
}

@incollection{sandbergWissenschaftlichesArbeitenAbbildung2016a,
  title = {Wissenschaftliches {{Arbeiten}} von {{Abbildung}} Bis {{Zitat}}},
  booktitle = {Wissenschaftliches {{Arbeiten}} von {{Abbildung}} Bis {{Zitat}}},
  author = {Sandberg, Berit},
  date = {2016},
  publisher = {{De Gruyter Oldenbourg}},
  file = {C\:\\Users\\Office\\Zotero\\storage\\TYAATEWN\\Sandberg - 2016 - Wissenschaftliches Arbeiten von Abbildung bis Zita.pdf;C\:\\Users\\Office\\Zotero\\storage\\NHR5KD8P\\html.html}
}

@online{UnsereTatigkeitsfelderAssono,
  title = {Unsere {{Tätigkeitsfelder}} – Assono},
  url = {https://www.assono.de/taetigkeitsfelder},
  urldate = {2022-06-20},
  file = {C\:\\Users\\Office\\Zotero\\storage\\RIGJ9YG4\\taetigkeitsfelder.html}
}

@online{UnsereTatigkeitsfelderAssonoa,
  title = {Unsere {{Tätigkeitsfelder}} – Assono},
  url = {https://www.assono.de/taetigkeitsfelder},
  urldate = {2022-06-20}
}

@online{WasMachtAssono,
  title = {Was Macht Assono?},
  url = {https://www.assono.de/ueber-uns},
  urldate = {2022-06-20},
  file = {C\:\\Users\\Office\\Zotero\\storage\\I7JG38YK\\ueber-uns.html}
}

@online{WebContentAccessibility,
  title = {Web {{Content Accessibility Guidelines}} ({{WCAG}}) 2.1},
  url = {https://www.w3.org/TR/WCAG21/},
  urldate = {2022-05-04},
  file = {C\:\\Users\\Office\\Zotero\\storage\\QSTXHIFF\\WCAG21.html}
}


